
@article{kovalenko18,
	title = {Does reviewer recommendation help developers?},
	doi = {10.1109/TSE.2018.2868367},
	journal = {IEEE Transactions on Software Engineering},
	author = {Kovalenko, V. and Tintarev, N. and Pasynkov, E. and Bird, C. and Bacchelli, A.},
	year = {2018},
	keywords = {Code Review, Companies, Empirical Software Engineering, In vivo, Measurement, Recommender systems, Reviewer Recommendation, Software, Software engineering, Tools},
	pages = {1--1}
}

@inproceedings{thongtanunam16,
	address = {New York, NY, USA},
	series = {{ICSE} '16},
	title = {Revisiting {Code} {Ownership} and {Its} {Relationship} with {Software} {Quality} in the {Scope} of {Modern} {Code} {Review}},
	isbn = {978-1-4503-3900-1},
	url = {http://doi.acm.org/10.1145/2884781.2884852},
	doi = {10.1145/2884781.2884852},
	booktitle = {Proceedings of the 38th {International} {Conference} on {Software} {Engineering}},
	publisher = {ACM},
	author = {Thongtanunam, Patanamon and McIntosh, Shane and Hassan, Ahmed E. and Iida, Hajimu},
	year = {2016},
	note = {event-place: Austin, Texas},
	keywords = {expertise, ownership, software quality},
	pages = {1039--1050}
}

@inproceedings{rahman11,
	address = {New York, NY, USA},
	series = {{ICSE} '11},
	title = {Ownership, {Experience} and {Defects}: {A} {Fine}-grained {Study} of {Authorship}},
	isbn = {978-1-4503-0445-0},
	url = {http://doi.acm.org/10.1145/1985793.1985860},
	doi = {10.1145/1985793.1985860},
	booktitle = {Proceedings of the 33rd {International} {Conference} on {Software} {Engineering}},
	publisher = {ACM},
	author = {Rahman, Foyzur and Devanbu, Premkumar},
	year = {2011},
	note = {event-place: Waikiki, Honolulu, HI, USA},
	keywords = {ownership, software quality, collaboration, experience},
	pages = {491--500}
}

@inproceedings{thongtanunam15,
	title = {Who should review my code? {A} file location-based code-reviewer recommendation approach for {Modern} {Code} {Review}},
	doi = {10.1109/SANER.2015.7081824},
	booktitle = {2015 {IEEE} 22nd {International} {Conference} on {Software} {Analysis}, {Evolution}, and {Reengineering} ({SANER})},
	author = {Thongtanunam, P. and Tantithamthavorn, C. and Kula, R. G. and Yoshida, N. and Iida, H. and Matsumoto, K.},
	month = mar,
	year = {2015},
	keywords = {Android open source project, Androids, AOSP, Code-Reviewer Recommendation, code-reviewer recommendation approach, Distributed Software Development, file location, History, Humanoid robots, LibreOffice project, Manuals, MCR, modern code review, Modern Code Review, Open source software, open-source software system, OpenStack, proprietary software system, public domain software, Qt project, RevFinder, software code review, software reviews, Software systems},
	pages = {141--150}
}

@inproceedings{rahman16,
	title = {{CORRECT}: {Code} {Reviewer} {Recommendation} in {GitHub} {Based} on {Cross}-{Project} and {Technology} {Experience}},
	booktitle = {2016 {IEEE}/{ACM} 38th {International} {Conference} on {Software} {Engineering} {Companion} ({ICSE}-{C})},
	author = {Rahman, M. M. and Roy, C. K. and Collins, J. A.},
	month = may,
	year = {2016},
	keywords = {Companies, Software, History, public domain software, Code reviewer recommendation, code reviewer recommendation technique, Collaboration, configuration management, CORRECT, cross-project experience, cross-project work history, Encoding, GitHub, Libraries, open source projects, pull request, recommender systems, Servers, specialized technology experience},
	pages = {222--231}
}

@misc{brown18,
    title = {Updated NIST Software Uses Combination Testing to Catch Bugs Fast and Easy},
    url = {http://www.nist.gov/news-events/news/2010/11/updated-nist-software-uses-combination-testing-catch-bugs-fast-and-easy},
    journal = {NIST},
    author = {Brown, Evelyn A},
    year = {2018},
    month = {Jan}
}
